% This file was created with JabRef 2.4.2.
% Encoding: Cp1252

@CONFERENCE{cellss_sc06,
  author = {Pieter Bellens and Josep M. Perez and Rosa M. Badia and Jesus Labarta},
  title = {CellSs: a Programming Model for the Cell BE Architecture},
  booktitle = {Proceedings of the 2006 ACM/IEEE Conference on Supercomputing},
  year = {2006},
  owner = {Tarik},
  timestamp = {2009.04.23}
}

@CONFERENCE{sequoia_sc06,
  author = {Kayvon Fatahalian and Thimothy J. Knight and Mike Houston and Mattan
	Erez and Daniel Reiter Horn and Larkhoon Leem and Ji Young Park and
	Manman Ren and Alex Aiken and William J. Dally and Pat Hanrahan},
  title = {Sequoia: Programming the Memory Hierarchy},
  booktitle = {Proceedings of the 2006 ACM/IEEE Conference on Supercomputing},
  year = {2006},
  owner = {Tarik},
  timestamp = {2009.04.23}
}

@CONFERENCE{rapidmind,
  author = {Michael D. McCool},
  title = {Data-Parallel Programming on the Cell BE and the GPU using the RapidMind
	Development Platform},
  booktitle = {Proceeding of GSPx Multicore Applications Conference},
  year = {2006},
  owner = {Tarik},
  timestamp = {2009.04.23}
}

@CONFERENCE{cell_omp,
  author = {Kevin O'Brien and Kathryn O'Brien and Zehra Sura and Tong Chen and
	Tao Zhang},
  title = {Supporting OpenMP on Cell},
  booktitle = {Proceedinf of International Workshop on OpenMP 2007},
  year = {2007},
  owner = {Tarik},
  timestamp = {2009.04.23}
}

@comment{jabref-meta: selector_publisher:}

@comment{jabref-meta: selector_author:}

@comment{jabref-meta: selector_journal:}

@comment{jabref-meta: selector_keywords:}

